@book{murphy,
	address = {Cambridge, MA},
	series = {Adaptive computation and machine learning series},
	title = {Machine learning: a probabilistic perspective},
	isbn = {9780262018029},
	shorttitle = {Machine learning},
	publisher = {MIT Press},
	author = {Murphy, Kevin P.},
	year = {2012},
	keywords = {Machine learning, Probabilities}
}

@InProceedings{vggface2,
	author = "Cao, Q. and Shen, L. and Xie, W. and Parkhi, O. M. and Zisserman, A.",
	title  = "VGGFace2: A dataset for recognising faces across pose and age",
	booktitle = "International Conference on Automatic Face and Gesture Recognition",
	year  = "2018"
}

@InProceedings{pointing,
	author = "N. Gourier, D. Hall, J. L. Crowley",
	title = "Estimating Face Orientation from Robust Detection of Salient Facial Features",
	booktitle = "Proceedings of Pointing 2004, ICPR, International Workshop on Visual Observation of Deictic Gestures, Cambridge, UK",
	year = "2004"
}

@misc{feng2018joint,
    title={Joint 3D Face Reconstruction and Dense Alignment with Position Map Regression Network},
    author="Yao Feng and Fan Wu and Xiaohu Shao and Yanfeng Wang and Xi Zhou",
    year="2018",
    eprint="1803.07835",
    archivePrefix="arXiv",
    primaryClass="cs.CV"
}

@misc{ganfit,
    title={GANFIT: Generative Adversarial Network Fitting for High Fidelity 3D Face Reconstruction},
    author={Baris Gecer and Stylianos Ploumpis and Irene Kotsia and Stefanos Zafeiriou},
    year={2019},
    eprint={1902.05978},
    archivePrefix={arXiv},
    primaryClass={cs.CV}
}

@misc{genova2018unsupervised,
    title={Unsupervised Training for 3D Morphable Model Regression},
    author={Kyle Genova and Forrester Cole and Aaron Maschinot and Aaron Sarna and Daniel Vlasic and William T. Freeman},
    year={2018},
    eprint={1806.06098},
    archivePrefix={arXiv},
    primaryClass={cs.CV}
}

@article{Kazemi2014OneMF,
	title={One millisecond face alignment with an ensemble of regression trees},
	author={Vahid Kazemi and Josephine Sullivan},
	journal={2014 IEEE Conference on Computer Vision and Pattern Recognition},
	year={2014},
	pages={1867-1874}
}

@InProceedings{Zhao2018CVPR,
	author = {Zhao, Jian and Cheng, Yu and Xu, Yan and Xiong, Lin and Li, Jianshu and Zhao, Fang and Jayashree, Karlekar and Pranata, Sugiri and Shen, Shengmei and Xing, Junliang and Yan, Shuicheng and Feng, Jiashi},
	title = {Towards Pose Invariant Face Recognition in the Wild},
	booktitle = {The IEEE Conference on Computer Vision and Pattern Recognition (CVPR)},
	month = {June},
	year = {2018}
}